@article{19952357,
  title={気泡の抗力係数に関する研究 : 第1報,静止液中単一気泡の抗力係数},
  author={冨山 明男 and 片岡 勲 and 坂口 忠司},
  journal={日本機械学会論文集 B編},
  volume={61},
  number={587},
  pages={2357-2364},
  year={1995},
  doi={10.1299/kikaib.61.2357}
}