@article{article,
author = {Versteeg, G and L. Alsters, P and A. A. Hoorn, J},
year = {2005},
month = {01},
pages = {},
title = {A Kinetic Model for Toluene Oxidation Comprising Benzylperoxy Benzoate Ester as Reactive Intermediate in the Formation of Benzaldehyde},
volume = {3},
journal = {International Journal of Chemical Reactor Engineering},
doi = {10.2202/1542-6580.1196}
}