@article{article,
author = {Marie Ståhl  Bengt L. Åslund  Åke C. Rasmuson},
year = {2004},
month = {4},
pages = {},
title = {Reaction crystallization kinetics of benzoic acid},
volume = {47},
number = {7},
journal = {AIChE journal},
doi = {10.1002/aic.690470708}
}
