@article{doi:10.1021/ie070040c,
author = {Tang and Liang, Bin},
title = {Kinetics of the Liquid-Phase Oxidation of Toluene by Air},
journal = {Industrial \& Engineering Chemistry Research},
volume = {46},
number = {20},
pages = {6442-6448},
year = {2007},
doi = {10.1021/ie070040c},
URL = {https://doi.org/10.1021/ie070040c},
eprint = {https://doi.org/10.1021/ie070040c}
}
