@article{article,
author = {Gizli, Ali and Aytimur, Guelin and Alpay, Erden and Atalay, SÃ¼heyda},
year = {2008},
month = {03},
pages = {},
title = {Catalytic Liquid Phase Oxidation of Toluene to Benzoic Acid},
volume = {31},
journal = {Chemical Engineering & Technology},
doi = {10.1002/ceat.200700140}
}
