@article{article1,
author = {Gizli, Ali and Aytimur, Guelin and Alpay, Erden and Atalay, Süheyda},
year = {2008},
month = {03},
pages = {},
title = {Catalytic Liquid Phase Oxidation of Toluene to Benzoic Acid},
volume = {31},
journal = {Chemical Engineering \& Technology},
doi = {10.1002/ceat.200700140}
}

@article{article2,
author = {Versteeg, G and L. Alsters, P and A. A. Hoorn, J},
year = {2005},
month = {01},
pages = {},
title = {A Kinetic Model for Toluene Oxidation Comprising Benzylperoxy Benzoate Ester as Reactive Intermediate in the Formation of Benzaldehyde},
volume = {3},
journal = {International Journal of Chemical Reactor Engineering},
doi = {10.2202/1542-6580.1196}
}

@article{HOORN2005187,
title = "Modelling Toluene Oxidation: Incorporation of Mass Transfer Phenomena",
journal = "Chemical Engineering Research and Design",
volume = "83",
number = "2",
pages = "187 - 195",
year = "2005",
issn = "0263-8762",
doi = "https://doi.org/10.1205/cherd.04161",
url = "http://www.sciencedirect.com/science/article/pii/S0263876205726903",
author = "J.A.A. Hoorn and J. Van Soolingen and G.F. Versteeg",
}

@Article{Li2019,
author="Li, Wang
and Zhang, Qingjun
and Zeng, Aiwu",
title="Kinetics and Mechanism Modeling of Liquid-Phase Toluene Oxidation to Benzaldehyde Catalyzed by Mn--Mo Oxide",
journal="Transactions of Tianjin University",
year="2019",
month="Feb",
day="01",
volume="25",
number="1",
pages="52--65",
issn="1995-8196",
doi="10.1007/s12209-018-0146-6",
url="https://doi.org/10.1007/s12209-018-0146-6"
}

@article{doi:10.1021/ie070040c,
author = {Tang and Liang, Bin},
title = {Kinetics of the Liquid-Phase Oxidation of Toluene by Air},
journal = {Industrial \& Engineering Chemistry Research},
volume = {46},
number = {20},
pages = {6442-6448},
year = {2007},
doi = {10.1021/ie070040c},
URL = {https://doi.org/10.1021/ie070040c},
eprint = {https://doi.org/10.1021/ie070040c}
}

@article{doi:10.1002/aic.690470708,
author = {Ståhl, Marie and Åslund, Bengt L. and Rasmuson, Åke C.},
title = {Reaction crystallization kinetics of benzoic acid},
journal = {AIChE Journal},
volume = {47},
number = {7},
pages = {1544-1560},
doi = {10.1002/aic.690470708},
url = {https://aiche.onlinelibrary.wiley.com/doi/abs/10.1002/aic.690470708},
eprint = {https://aiche.onlinelibrary.wiley.com/doi/pdf/10.1002/aic.690470708},
year = {2001}
}
